@article{wheeler1989,
  author = {Wheeler, John Archibald},
  title = {Information, Physics, Quantum: The Search for Links},
  journal = {Proceedings III International Symposium on Foundations of Quantum Mechanics},
  pages = {354--368},
  year = {1989}
}

@book{awodey2010,
  author = {Awodey, Steve},
  title = {Category Theory},
  publisher = {Oxford University Press},
  year = {2010}
}

@article{bombelli1987,
  author = {Bombelli, Luca and Lee, Joohan and Meyer, David and Sorkin, Rafael D},
  title = {Space-time as a causal set},
  journal = {Physical Review Letters},
  volume = {59},
  number = {5},
  pages = {521},
  year = {1987},
  publisher = {APS}
}

@article{doering2008,
  author = {D\"{o}ring, Andreas and Isham, Chris},
  title = {`What is a Thing?': Topos Theory in the Foundations of Physics},
  journal = {arXiv preprint arXiv:0803.0417},
  year = {2008}
}

@article{abramsky2009,
  author = {Abramsky, Samson and Coecke, Bob},
  title = {Categorical quantum mechanics},
  journal = {Handbook of quantum logic and quantum structures},
  volume = {2},
  pages = {261--324},
  year = {2009},
  publisher = {Elsevier}
}

@article{rovelli1996,
  author = {Rovelli, Carlo},
  title = {Relational quantum mechanics},
  journal = {International Journal of Theoretical Physics},
  volume = {35},
  pages = {1637--1678},
  year = {1996},
  publisher = {Springer}
}

@book{wolfram2020,
  author = {Wolfram, Stephen},
  title = {A Project to Find the Fundamental Theory of Physics},
  publisher = {Wolfram Media},
  year = {2020}
}

@article{vanraamsdonk2010,
  author = {Van Raamsdonk, Mark},
  title = {Building up spacetime with quantum entanglement},
  journal = {General Relativity and Gravitation},
  volume = {42},
  pages = {2323--2329},
  year = {2010},
  publisher = {Springer}
}

@article{oizumi2014,
author = {Oizumi, Masafumi and Albantakis, Larissa and Tononi, Giulio},
title = {From the Phenomenology to the Mechanisms of Consciousness: Integrated Information Theory 3.0},
journal = {PLOS Computational Biology},
volume = {10},
number = {5},
pages = {e1003588},
year = {2014},
publisher = {Public Library of Science}
}

@article{tegmark1997,
author = {Tegmark, Max},
title = {On the dimensionality of spacetime},
journal = {Classical and Quantum Gravity},
volume = {14},
number = {4},
pages = {L69--L75},
year = {1997},
publisher = {IOP Publishing}
}

@article{kobayashi1973,
author = {Kobayashi, Makoto and Maskawa, Toshihide},
title = {CP-Violation in the Renormalizable Theory of Weak Interaction},
journal = {Progress of Theoretical Physics},
volume = {49},
number = {2},
pages = {652--657},
year = {1973},
publisher = {Oxford University Press}
}

@article{verlinde2011,
author = {Verlinde, Erik},
title = {On the origin of gravity and the laws of Newton},
journal = {Journal of High Energy Physics},
volume = {2011},
number = {4},
pages = {29},
year = {2011},
publisher = {Springer}
}

@article{bekenstein1973,
author = {Bekenstein, Jacob D.},
title = {Black holes and entropy},
journal = {Physical Review D},
volume = {7},
number = {8},
pages = {2333},
year = {1973},
publisher = {APS}
}

@article{verlinde2016,
author = {Verlinde, Erik},
title = {Emergent Gravity and the Dark Universe},
journal = {arXiv preprint arXiv:1611.02269},
year = {2016}
}

@article{woit2008,
author = {Woit, Peter},
title = {Not Even Wrong: The Failure of String Theory and the Search for Unity in Physical Law},
year = {2006},
note = {Reference to Peter Woit's commentary on topos approaches in physics, as discussed in his blog Not Even Wrong.}
}


@article{mcgaugh2016,
author = {McGaugh, Stacy S. and Lelli, Federico and Schombert, James M.},
title = {Radial Acceleration Relation in Rotationally Supported Galaxies},
journal = {Physical Review Letters},
volume = {117},
number = {20},
pages = {201101},
year = {2016},
publisher = {APS}
}

@article{joyal1996,
  title={Traced monoidal categories},
  author={Joyal, Andr{\'e} and Street, Ross and Verity, Dominic},
  journal={Mathematical Proceedings of the Cambridge Philosophical Society},
  volume={119},
  number={3},
  pages={447--468},
  year={1996},
  publisher={Cambridge University Press},
  doi={10.1017/S0305004100074338}
}

@article{kelly1980,
  title={Coherence for compact closed categories},
  author={Kelly, G. M. and Laplaza, M. L.},
  journal={Journal of Pure and Applied Algebra},
  volume={19},
  pages={193--213},
  year={1980},
  publisher={Elsevier},
  doi={10.1016/0022-4049(80)90101-2}
}

@article{benedetti2009,
  title={Fractal properties of 3D causal dynamical triangulations},
  author={Benedetti, Dario},
  journal={Physical Review Letters},
  volume={102},
  number={11},
  pages={111303},
  year={2009},
  publisher={APS},
  eprint={0811.1396},
  archivePrefix={arXiv},
  primaryClass={hep-th}
}

@incollection{baez2011,
  title={Physics, topology, logic and computation: a Rosetta Stone},
  author={Baez, John C. and Stay, Mike},
  booktitle={New Structures for Physics},
  pages={95--172},
  year={2011},
  publisher={Springer},
  eprint={0903.0340},
  archivePrefix={arXiv},
  primaryClass={quant-ph}
}
